<?xml version="1.0" encoding="UTF-8"?><collection xmlns="http://www.loc.gov/MARC21/slim"><record><leader>00684nam--2200181-u-4500</leader><controlfield tag="001">000055513</controlfield><controlfield tag="002">20161230</controlfield><controlfield tag="005">20161230201052</controlfield><controlfield tag="008">130218s1000------------r-----000-0-eng-d</controlfield><datafield ind1=" " ind2=" " tag="040"><subfield code="a">IFIN-HH</subfield></datafield><datafield ind1=" " ind2=" " tag="080"><subfield code="a">413.239:621.3</subfield></datafield><datafield ind1="1" ind2=" " tag="110"><subfield code="a">Commission Electrotechnique Internationale</subfield></datafield><datafield ind1="1" ind2="0" tag="245"><subfield code="a">Vocabilaire electrotechnique international international electrotechnical vocabulary mejdunarodnii elektrotehniceskii slovari</subfield><subfield code="b">Gorupe 10 machiens et transformateurs group 10 machines and transformers grupa 10 masini i transformatori</subfield></datafield><datafield ind1=" " ind2=" " tag="250"><subfield code="a">Deuxieme Edition</subfield></datafield><datafield ind1=" " ind2=" " tag="260"><subfield code="a">Geneve</subfield><subfield code="b">Bureau Central De La Cei</subfield><subfield code="c">1954</subfield></datafield><datafield ind1=" " ind2=" " tag="300"><subfield code="a">212P</subfield></datafield><datafield ind1=" " ind2=" " tag="852"><subfield code="a">D.87</subfield><subfield code="c">SLT</subfield></datafield><datafield ind1=" " ind2=" " tag="CAT"><subfield code="a">Sys</subfield><subfield code="c">20130218</subfield><subfield code="h">134841</subfield></datafield></record></collection>